@Manual{R-base,
  title = {R: A Language and Environment for Statistical Computing},
  author = {{R Core Team}},
  organization = {R Foundation for Statistical Computing},
  address = {Vienna, Austria},
  year = {2024},
  url = {https://www.R-project.org/},
}

@Manual{R-DBI,
  title = {DBI: R Database Interface},
  author = {{R Special Interest Group on Databases (R-SIG-DB)} and Hadley Wickham and Kirill Müller},
  year = {2024},
  note = {R package version 1.2.3},
  url = {https://dbi.r-dbi.org},
}

@Manual{R-dbplyr,
  title = {dbplyr: A dplyr Back End for Databases},
  author = {Hadley Wickham and Maximilian Girlich and Edgar Ruiz},
  year = {2024},
  note = {R package version 2.5.0},
  url = {https://dbplyr.tidyverse.org/},
}

@Manual{R-dplyr,
  title = {dplyr: A Grammar of Data Manipulation},
  author = {Hadley Wickham and Romain François and Lionel Henry and Kirill Müller and Davis Vaughan},
  year = {2023},
  note = {R package version 1.1.4},
  url = {https://dplyr.tidyverse.org},
}

@Manual{R-effectsize,
  title = {effectsize: Indices of Effect Size},
  author = {Mattan S. Ben-Shachar and Dominique Makowski and Daniel Lüdecke and Indrajeet Patil and Brenton M. Wiernik and Rémi Thériault and Philip Waggoner},
  year = {2024},
  note = {R package version 0.8.8},
  url = {https://easystats.github.io/effectsize/},
}

@Manual{R-forcats,
  title = {forcats: Tools for Working with Categorical Variables (Factors)},
  author = {Hadley Wickham},
  year = {2023},
  note = {R package version 1.0.0},
  url = {https://forcats.tidyverse.org/},
}

@Manual{R-fs,
  title = {fs: Cross-Platform File System Operations Based on libuv},
  author = {Jim Hester and Hadley Wickham and Gábor Csárdi},
  year = {2024},
  note = {R package version 1.6.4},
  url = {https://fs.r-lib.org},
}

@Manual{R-future,
  title = {future: Unified Parallel and Distributed Processing in R for Everyone},
  author = {Henrik Bengtsson},
  year = {2024},
  note = {R package version 1.33.2},
  url = {https://future.futureverse.org},
}

@Manual{R-ggplot2,
  title = {ggplot2: Create Elegant Data Visualisations Using the Grammar of Graphics},
  author = {Hadley Wickham and Winston Chang and Lionel Henry and Thomas Lin Pedersen and Kohske Takahashi and Claus Wilke and Kara Woo and Hiroaki Yutani and Dewey Dunnington and Teun {van den Brand}},
  year = {2024},
  note = {R package version 3.5.1},
  url = {https://ggplot2.tidyverse.org},
}

@Manual{R-ggraph,
  title = {ggraph: An Implementation of Grammar of Graphics for Graphs and Networks},
  author = {Thomas Lin Pedersen},
  year = {2024},
  note = {R package version 2.2.1},
  url = {https://ggraph.data-imaginist.com},
}

@Manual{R-haven,
  title = {haven: Import and Export SPSS, Stata and SAS Files},
  author = {Hadley Wickham and Evan Miller and Danny Smith},
  year = {2023},
  note = {R package version 2.5.4},
  url = {https://haven.tidyverse.org},
}

@Manual{R-here,
  title = {here: A Simpler Way to Find Your Files},
  author = {Kirill Müller},
  year = {2020},
  note = {R package version 1.0.1},
  url = {https://here.r-lib.org/},
}

@Manual{R-igraph,
  title = {igraph: Network Analysis and Visualization},
  author = {Gábor Csárdi and Tamás Nepusz and Vincent Traag and Szabolcs Horvát and Fabio Zanini and Daniel Noom and Kirill Müller},
  year = {2024},
  note = {R package version 2.0.3},
  url = {https://r.igraph.org/},
}

@Manual{R-infer,
  title = {infer: Tidy Statistical Inference},
  author = {Andrew Bray and Chester Ismay and Evgeni Chasnovski and Simon Couch and Ben Baumer and Mine Cetinkaya-Rundel},
  year = {2024},
  note = {R package version 1.0.7},
  url = {https://github.com/tidymodels/infer},
}

@Manual{R-janeaustenr,
  title = {janeaustenr: Jane Austen's Complete Novels},
  author = {Julia Silge},
  year = {2022},
  note = {R package version 1.0.0},
  url = {https://github.com/juliasilge/janeaustenr},
}

@Manual{R-jsonlite,
  title = {jsonlite: A Simple and Robust JSON Parser and Generator for R},
  author = {Jeroen Ooms},
  year = {2023},
  note = {R package version 1.8.8},
  url = {https://jeroen.r-universe.dev/jsonlite},
}

@Manual{R-kableExtra,
  title = {kableExtra: Construct Complex Table with kable and Pipe Syntax},
  author = {Hao Zhu},
  year = {2024},
  note = {R package version 1.4.0},
  url = {http://haozhu233.github.io/kableExtra/},
}

@Manual{R-knitr,
  title = {knitr: A General-Purpose Package for Dynamic Report Generation in R},
  author = {Yihui Xie},
  year = {2024},
  note = {R package version 1.47},
  url = {https://yihui.org/knitr/},
}

@Manual{R-languageR,
  title = {languageR: Analyzing Linguistic Data: A Practical Introduction to
Statistics},
  author = {R. H. Baayen and Elnaz Shafaei-Bajestan},
  year = {2019},
  note = {R package version 1.5.0},
  url = {https://CRAN.R-project.org/package=languageR},
}

@Manual{R-lexicon,
  title = {lexicon: Lexicons for Text Analysis},
  author = {Tyler Rinker},
  year = {2019},
  note = {R package version 1.2.1},
  url = {https://github.com/trinker/lexicon},
}

@Manual{R-pak,
  title = {pak: Another Approach to Package Installation},
  author = {Gábor Csárdi and Jim Hester},
  year = {2024},
  note = {R package version 0.7.2},
  url = {https://pak.r-lib.org/},
}

@Manual{R-purrr,
  title = {purrr: Functional Programming Tools},
  author = {Hadley Wickham and Lionel Henry},
  year = {2023},
  note = {R package version 1.0.2},
  url = {https://purrr.tidyverse.org/},
}

@Manual{R-qtkit,
  title = {qtkit: Quantitative Text Kit},
  author = {Jerid Francom},
  year = {2024},
  note = {R package version 0.10.0},
  url = {https://qtalr.github.io/qtkit/},
}

@Manual{R-readr,
  title = {readr: Read Rectangular Text Data},
  author = {Hadley Wickham and Jim Hester and Jennifer Bryan},
  year = {2024},
  note = {R package version 2.1.5},
  url = {https://readr.tidyverse.org},
}

@Manual{R-readtext,
  title = {readtext: Import and Handling for Plain and Formatted Text Files},
  author = {Kenneth Benoit and Adam Obeng},
  year = {2024},
  note = {R package version 0.91},
  url = {https://github.com/quanteda/readtext},
}

@Manual{R-renv,
  title = {renv: Project Environments},
  author = {Kevin Ushey and Hadley Wickham},
  year = {2024},
  note = {R package version 1.0.7},
  url = {https://rstudio.github.io/renv/},
}

@Manual{R-reprex,
  title = {reprex: Prepare Reproducible Example Code via the Clipboard},
  author = {Jennifer Bryan and Jim Hester and David Robinson and Hadley Wickham and Christophe Dervieux},
  year = {2024},
  note = {R package version 2.1.0},
  url = {https://reprex.tidyverse.org},
}

@Manual{R-rmarkdown,
  title = {rmarkdown: Dynamic Documents for R},
  author = {JJ Allaire and Yihui Xie and Christophe Dervieux and Jonathan McPherson and Javier Luraschi and Kevin Ushey and Aron Atkins and Hadley Wickham and Joe Cheng and Winston Chang and Richard Iannone},
  year = {2024},
  note = {R package version 2.27},
  url = {https://github.com/rstudio/rmarkdown},
}

@Manual{R-rstudioapi,
  title = {rstudioapi: Safely Access the RStudio API},
  author = {Kevin Ushey and JJ Allaire and Hadley Wickham and Gary Ritchie},
  year = {2024},
  note = {R package version 0.16.0},
  url = {https://rstudio.github.io/rstudioapi/},
}

@Manual{R-rsyntax,
  title = {rsyntax: Extract Semantic Relations from Text by Querying and Reshaping
Syntax},
  author = {Kasper Welbers and Wouter {van Atteveldt}},
  year = {2022},
  note = {R package version 0.1.4},
  url = {https://CRAN.R-project.org/package=rsyntax},
}

@Manual{R-rvest,
  title = {rvest: Easily Harvest (Scrape) Web Pages},
  author = {Hadley Wickham},
  year = {2024},
  note = {R package version 1.0.4},
  url = {https://rvest.tidyverse.org/},
}

@Manual{R-scales,
  title = {scales: Scale Functions for Visualization},
  author = {Hadley Wickham and Thomas Lin Pedersen and Dana Seidel},
  year = {2023},
  note = {R package version 1.3.0},
  url = {https://scales.r-lib.org},
}

@Manual{R-skimr,
  title = {skimr: Compact and Flexible Summaries of Data},
  author = {Elin Waring and Michael Quinn and Amelia McNamara and Eduardo {Arino de la Rubia} and Hao Zhu and Shannon Ellis},
  year = {2022},
  note = {R package version 2.1.5},
  url = {https://docs.ropensci.org/skimr/},
}

@Manual{R-stringr,
  title = {stringr: Simple, Consistent Wrappers for Common String Operations},
  author = {Hadley Wickham},
  year = {2023},
  note = {R package version 1.5.1},
  url = {https://stringr.tidyverse.org},
}

@Manual{R-swirl,
  title = {swirl: Learn R, in R},
  author = {Sean Kross and Nick Carchedi and Bill Bauer and Gina Grdina},
  year = {2020},
  note = {R package version 2.4.5},
  url = {http://swirlstats.com},
}

@Manual{R-TBDBr,
  title = {TBDBr: Easy Access To TalkBankDB via R API},
  author = {John Kowalski and Rob Cavanaugh},
  year = {2024},
  note = {R package version 0.1.0},
  url = {https://github.com/TalkBank/TalkBankDB-R},
}

@Manual{R-textrecipes,
  title = {textrecipes: Extra Recipes for Text Processing},
  author = {Emil Hvitfeldt},
  year = {2023},
  note = {R package version 1.0.6},
  url = {https://github.com/tidymodels/textrecipes},
}

@Manual{R-tibble,
  title = {tibble: Simple Data Frames},
  author = {Kirill Müller and Hadley Wickham},
  year = {2023},
  note = {R package version 3.2.1},
  url = {https://tibble.tidyverse.org/},
}

@Manual{R-tidyr,
  title = {tidyr: Tidy Messy Data},
  author = {Hadley Wickham and Davis Vaughan and Maximilian Girlich},
  year = {2024},
  note = {R package version 1.3.1},
  url = {https://tidyr.tidyverse.org},
}

@Manual{R-tidytext,
  title = {tidytext: Text Mining using dplyr, ggplot2, and Other Tidy Tools},
  author = {David Robinson and Julia Silge},
  year = {2024},
  note = {R package version 0.4.2},
  url = {https://juliasilge.github.io/tidytext/},
}

@Manual{R-tidyverse,
  title = {tidyverse: Easily Install and Load the Tidyverse},
  author = {Hadley Wickham},
  year = {2023},
  note = {R package version 2.0.0},
  url = {https://tidyverse.tidyverse.org},
}

@Manual{R-tinytable,
  title = {tinytable: Simple and Configurable Tables in HTML, LaTeX, Markdown,
Word, PNG, PDF, and Typst Formats},
  author = {Vincent Arel-Bundock},
  year = {2024},
  note = {R package version 0.3.0},
  url = {https://vincentarelbundock.github.io/tinytable/},
}

@Manual{R-tinytex,
  title = {tinytex: Helper Functions to Install and Maintain TeX Live, and Compile
LaTeX Documents},
  author = {Yihui Xie},
  year = {2024},
  note = {R package version 0.51},
  url = {https://github.com/rstudio/tinytex},
}

@Manual{R-tokenizers,
  title = {tokenizers: Fast, Consistent Tokenization of Natural Language Text},
  author = {Lincoln Mullen},
  year = {2022},
  note = {R package version 0.3.0},
  url = {https://docs.ropensci.org/tokenizers/},
}

@Manual{R-udpipe,
  title = {udpipe: Tokenization, Parts of Speech Tagging, Lemmatization and
Dependency Parsing with the UDPipe 'NLP' Toolkit},
  author = {Jan Wijffels},
  year = {2023},
  note = {R package version 0.8.11},
  url = {https://bnosac.github.io/udpipe/en/index.html},
}

@Manual{R-word2vec,
  title = {word2vec: Distributed Representations of Words},
  author = {Jan Wijffels and Kohei Watanabe},
  year = {2023},
  note = {R package version 0.4.0},
  url = {https://github.com/bnosac/word2vec},
}

@Article{effectsize2020,
  title = {{e}ffectsize: Estimation of Effect Size Indices and Standardized Parameters},
  author = {Mattan S. Ben-Shachar and Daniel Lüdecke and Dominique Makowski},
  year = {2020},
  journal = {Journal of Open Source Software},
  volume = {5},
  number = {56},
  pages = {2815},
  publisher = {The Open Journal},
  doi = {10.21105/joss.02815},
  url = {https://doi.org/10.21105/joss.02815},
}

@Article{RJ-2021-048,
  author = {Henrik Bengtsson},
  title = {A Unifying Framework for Parallel and Distributed Processing in R using Futures},
  year = {2021},
  journal = {The R Journal},
  doi = {10.32614/RJ-2021-048},
  url = {https://doi.org/10.32614/RJ-2021-048},
  pages = {208--227},
  volume = {13},
  number = {2},
}

@Book{ggplot22016,
  author = {Hadley Wickham},
  title = {ggplot2: Elegant Graphics for Data Analysis},
  publisher = {Springer-Verlag New York},
  year = {2016},
  isbn = {978-3-319-24277-4},
  url = {https://ggplot2.tidyverse.org},
}

@Article{igraph2006,
  title = {The igraph software package for complex network research},
  author = {Gabor Csardi and Tamas Nepusz},
  journal = {InterJournal},
  volume = {Complex Systems},
  pages = {1695},
  year = {2006},
  url = {https://igraph.org},
}

@Article{infer2021,
  title = {{infer}: An {R} package for tidyverse-friendly statistical inference},
  author = {Simon P. Couch and Andrew P. Bray and Chester Ismay and Evgeni Chasnovski and Benjamin S. Baumer and Mine Çetinkaya-Rundel},
  journal = {Journal of Open Source Software},
  year = {2021},
  volume = {6},
  number = {65},
  pages = {3661},
  doi = {10.21105/joss.03661},
}

@Article{jsonlite2014,
  title = {The jsonlite Package: A Practical and Consistent Mapping Between JSON Data and R Objects},
  author = {Jeroen Ooms},
  journal = {arXiv:1403.2805 [stat.CO]},
  year = {2014},
  url = {https://arxiv.org/abs/1403.2805},
}

@Book{knitr2015,
  title = {Dynamic Documents with {R} and knitr},
  author = {Yihui Xie},
  publisher = {Chapman and Hall/CRC},
  address = {Boca Raton, Florida},
  year = {2015},
  edition = {2nd},
  note = {ISBN 978-1498716963},
  url = {https://yihui.org/knitr/},
}

@InCollection{knitr2014,
  booktitle = {Implementing Reproducible Computational Research},
  editor = {Victoria Stodden and Friedrich Leisch and Roger D. Peng},
  title = {knitr: A Comprehensive Tool for Reproducible Research in {R}},
  author = {Yihui Xie},
  publisher = {Chapman and Hall/CRC},
  year = {2014},
  note = {ISBN 978-1466561595},
}

@Manual{lexicon2018,
  title = {{lexicon}: Lexicon Data},
  author = {Tyler W. Rinker},
  address = {Buffalo, New York},
  note = {version 1.2.1},
  year = {2018},
  url = {http://github.com/trinker/lexicon},
}

@Book{rmarkdown2018,
  title = {R Markdown: The Definitive Guide},
  author = {Yihui Xie and J.J. Allaire and Garrett Grolemund},
  publisher = {Chapman and Hall/CRC},
  address = {Boca Raton, Florida},
  year = {2018},
  isbn = {9781138359338},
  url = {https://bookdown.org/yihui/rmarkdown},
}

@Book{rmarkdown2020,
  title = {R Markdown Cookbook},
  author = {Yihui Xie and Christophe Dervieux and Emily Riederer},
  publisher = {Chapman and Hall/CRC},
  address = {Boca Raton, Florida},
  year = {2020},
  isbn = {9780367563837},
  url = {https://bookdown.org/yihui/rmarkdown-cookbook},
}

@Article{tidytext2016,
  title = {tidytext: Text Mining and Analysis Using Tidy Data Principles in R},
  author = {Julia Silge and David Robinson},
  doi = {10.21105/joss.00037},
  url = {http://dx.doi.org/10.21105/joss.00037},
  year = {2016},
  publisher = {The Open Journal},
  volume = {1},
  number = {3},
  journal = {JOSS},
}

@Article{tidyverse2019,
  title = {Welcome to the {tidyverse}},
  author = {Hadley Wickham and Mara Averick and Jennifer Bryan and Winston Chang and Lucy D'Agostino McGowan and Romain François and Garrett Grolemund and Alex Hayes and Lionel Henry and Jim Hester and Max Kuhn and Thomas Lin Pedersen and Evan Miller and Stephan Milton Bache and Kirill Müller and Jeroen Ooms and David Robinson and Dana Paige Seidel and Vitalie Spinu and Kohske Takahashi and Davis Vaughan and Claus Wilke and Kara Woo and Hiroaki Yutani},
  year = {2019},
  journal = {Journal of Open Source Software},
  volume = {4},
  number = {43},
  pages = {1686},
  doi = {10.21105/joss.01686},
}

@Article{tinytex2019,
  title = {TinyTeX: A lightweight, cross-platform, and easy-to-maintain LaTeX distribution based on TeX Live},
  author = {Yihui Xie},
  journal = {TUGboat},
  year = {2019},
  volume = {40},
  number = {1},
  pages = {30--32},
  url = {https://tug.org/TUGboat/Contents/contents40-1.html},
}

@Article{tokenizers2018,
  title = {Fast, Consistent Tokenization of Natural Language Text},
  author = {Lincoln A. Mullen and Kenneth Benoit and Os Keyes and Dmitry Selivanov and Jeffrey Arnold},
  journal = {Journal of Open Source Software},
  year = {2018},
  volume = {3},
  issue = {23},
  pages = {655},
  url = {https://doi.org/10.21105/joss.00655},
  doi = {10.21105/joss.00655},
}

